@misc{UmrechnungGoldmark,
  title = {Umrechnung Goldmark},
  note = {(letzte Einsicht: 27.05.2013)},
  howpublished = {\url{http://www.pressglas-korrespondenz.de/aktuelles/pdf/pk-2007-4w-sg-gruenderkrise.pdf}}
}

@book{buernheim1997bahnen,
  title={Bahnen und Busse rund um den Langen Ludwig: Stadtverkehr in Darmstadt},
  author={B{\"u}rnheim, H. and Burmeister, J.},
  year={1997},
  address={Düsseldorf},
  publisher={Alba}
}

@book{hoeltge1992hessen,
  title={Strassen- und Stadtbahnen in Deutschland: Hessen},
  author={H{\"o}ltge, D. and K{\"o}hler, G.H.},
  year={1992},
  address={Erfurt},
  publisher={Eisenbahn-Kurier, EK-Verlag}
}

@misc{BybaneBergen,
  title = {Bybanen Bergen Light Rail},
  note = {(letzte Einsicht: 27.05.2013)},
  howpublished = {\url{http://www.bybane.no/index.cfm?id=170586}}
}

% howpublished = {\url{http://www3.bergen.kommune.no/bybane/bybanen_gml/REI_LRTinBergen_Juni2003.pdf}},
@article{BergenCurrentStatus,
  author = {Potter, Thomas J.},
  title = {The light rail transit project of Bergen, Norway: current status},
  year = 2003,
  journal = {Rail Engineering International Edition},
  volume = 2,
  pages = {5--7}
}

@misc{midttrafik,
  title = {Midttrafik.dk},
  note = {(letzte Einsicht: 27.05.2013)},
  howpublished = {\url{http://www.midttrafik.dk/letbane/in+english}}
}

@misc{UmrechnungKronen,
  title = {Umrechnungskurs Kronen zu €},
  note = {(letzte Einsicht: 27.05.2013)},
  howpublished = {\url{http://www.umrechnung24.de/waehrungen/waehrung_1224243964.htm}}
}

@misc{osm,
  title = {Karten: \copyright \hspace{.4em}OpenStreetMap contributors. Kartendaten Open Database License, Kartenrendering CC-BY-SA.},
  howpublished = {\url{http://www.openstreetmap.org}}
}

@misc{ba3reform,
  title = {BA 3 – Bördepark / Reform \guillemotright \hspace{.2em}Magdeburger Verkehrsbetriebe},
  note = {(letzte Einsicht: 27.05.2013)},
  howpublished = {\url{http://www.mvbnet.de/verkehr/strassenbahnnetzerweiterung/ba-3-boerdepark-reform/}}
}

@misc{ReformEroeffnung,
  title = {MVB eröffnet neue Straßenbahntrasse nach Reform},
  note = {(letzte Einsicht: 27.05.2013)},
  howpublished = {\url{http://www.mvbnet.de/mvb-eroeffnet-neue-straszenbahntrasse-nach-reform/}}
}

@misc{hallodubai,
  title = {Alle Informationen zur Dubaier Metro.},
  note = {(letzte Einsicht: 27.05.2013)},
  howpublished = {\url{http://www.hallodubai.com/dubaimetro.html}}
}

@article{gulfnews2009costs,
  author = {Ashfaq Ahmed},
  title = {Dubai Metro construction cost soars by 80\% to Dh28b},
  journal = {GulfNews},
  year = {2009},
  month = {30. August},
  howpublished = {\url{http://gulfnews.com/news/gulf/uae/traffic-transport/dubai-metro-construction-cost-soars-by-80-to-dh28b-1.537548}}
}

@article{amtsblattFRvauban,
  title = {Amtsblatt Freiburg, Sonderausgabe Stadtbahn Vauban},
  howpublished = {\url{http://www.freiburg.de/pb/site/Freiburg/get/documents/freiburg/daten/news/amtsblatt/pdf/AB_SS_2006-0429.pdf}},
  year = {2006}
}

@article{amtsblattFRzaehringen,
  title = {Amtsblatt Freiburg},
  howpublished = {\url{http://www.freiburg.de/pb/site/Freiburg/get/documents/freiburg/daten/news/amtsblatt/pdf/Amtsblatt Ausgabe 556.pdf}},
  year = {2009},
  month = {15. Juli},
}

@article{bkhU5,
  title = {Die U-Bahnlinie U5 in Berlin-Mitte},
  journal = {BK-Heft},
  year = 2012,
  month = 2,
  volume= {2/2012},
  pages = {7 - 11},
  author = {Jörg Seegers and Carsten Liebich}
}

@misc{bvgWebsiteU5,
  title = {Die neue U5},
  note = {(letzte Einsicht: 28.06.2013)},
  author = {BVG},
  howpublished = {\url{http://www.bvg.de/index.php/de/983686/name/Die+neue+U5.html}}
}

@misc{bvgWebsiteU5plan,
  title = {U5 Plaphases},
  note = {(letzte Einsicht: 28.06.2013)},
  author = {BVG},
  howpublished = {\url{http://www.bvg.de/index.php/de/983620/name/Planphasen.html}}
}

@misc{hauptstadtvertrag,
  title = { Hauptstadtfinanzierungsvertrag },
  month = { Juni },
  year = 1994,
  author = {  Bundesrepublik Deutschland, Land Berlin }
}

@journal{ftdU5,
  title = {{Bei der "Kanzler-U-Bahn" wird Geld vergraben}},
  note = {(letzte Einsicht: 28.06.2013)},
  journal = {Financial Times Deutschland},
  howpublished = {\url{http://www.ftd.de/politik/deutschland/:berlins-neue-linie-u5-bei-der-kanzler-u-bahn-wird-geld-vergraben/70059686.html}}
}

@misc{bwwwU5,
  title = {Lückenschluss der U-Bahn-Linie U5 vom Alexanderplatz zum Hauptbahnhof},
  note = {(letzte Einsicht: 28.06.2013)},
  howpublished = {\url{http://www.stadtentwicklung.berlin.de/verkehr/politik_planung/oepnv/planungen/de/u5.shtml}}
}

@article{keuHH,
  title = {Hamburg mit der U4 in die Hafencity},
  year = 58,
  month = {1-2},
  journal = { Stadtverkehr },
  author = { Mathias Keuchel }
}a

@misc{hamburgerAbendblattu4,
  title = { Das U4-Projekt ist ein Jahrhundert-Fehler },
  note = {(letzte Einsicht: 01.07.2013)},
  howpublished = {\url{http://www.abendblatt.de/hamburg/article854083/Das-U4-Projekt-ist-ein-Jahrhundert-Fehler.html}}
}

@misc{SSBgeschichte,
  title = {Stuttgarter Straßenbahnen AG - Geschichte},
  note = {(letzte Einsicht: 02.07.2013)},
  howpublished = {\url{http://www.ssb-ag.de/Geschichte-11-0.html}}
}

@misc{eoDaAr1,
  title = {Noch ein Stück ``Neue Wege''},
  author = {Harald Pleines},
  note = {(letzte Einsicht: 02.07.2013)},
  howpublished = {\url{http://www.echo-online.de/region/darmstadt/Noch-ein-Stueck-Neue-Wege;art1231,944296}}
}

@misc{eoDaAr2,
  title = { Straßenbahn-Projekt ``Neue Wege für Arheilgen'' abgeschlossen },
  note = {(letzte Einsicht: 02.07.2013)},
  howpublished = {\url{ http://www.echo-online.de/region/darmstadt/Strassenbahn-Projekt-Neue-Wege-fuer-Arheilgen-abgeschlossen;art1231,2051268 }},
}

@misc{eoDaAr3,
  title = { Festtag für Arheilgen: Die Straßenbahn rollt wieder },
  note = {(letzte Einsicht: 02.07.2013)},
  author = {Annette Wannemacher-Saal},
  howpublished = {\url{http://www.echo-online.de/region/darmstadt/Festtag-fuer-Arheilgen-Die-Strassenbahn-rollt-wieder;art1231,2062370}},
}

@proceedings{mrDaLw,
  title = { Beschluss zur ÖPNV-Erschließung Campus TU-Lichtwiese },
  year = 2013,
  organization = {Magistrats der Wissenschaftsstadt Darmstadt },
  howpublished = {\url{https://darmstadt.more-rubin1.de/beschluesse_details.php?vid=221405100167&nid=ni_2013-Mag-324&suchbegriffe=&select_gremium=select_gremium&datum_von=&datum_bis=&entry=&status=1}}
}

@misc{eoDaLw,
  title = { Entscheidung für Straßenbahn-Abzweig zur Lichtwiese },
  note = {(letzte Einsicht: 02.07.2013)},
  author = {Harald Pleines},
  howpublished = {\url{http://www.echo-online.de/region/darmstadt/Entscheidung-fuer-Strassenbahn-Abzweig-zur-Lichtwiese;art1231,4069073}},
}

@misc{tagesspiegelM10verzoegerung,
  title = {Eröffnung von Straßenbahnstrecke verzögert sich erneut},
  note = {(letzte Einsicht: 02.07.2013)},
  author = {Klaus Kurpjuweit},
  howpublished = {\url{http://www.tagesspiegel.de/berlin/anbindung-an-hauptbahnhof-eroeffnung-von-strassenbahnstrecke-verzoegert-sich-erneut/7375642.html}},
}

@misc{M10buergerInfo,
  title = {Verkehrsverbindung Nordbahnhof–Hauptbahnhof: Entwurfsgrundsätze (Bürgerinformation III)},
  author = {Senatsverwaltung{\ }für{\ }Stadtentwicklung},
  year = 2008,
  month = 1,
}
